@manual{tsappendix,
	title = "TorqueScript, Appendix A - Quick References",
	author = "GarageGames",
	organization = "Hall Of Worlds",
	address = "\url{http://mirror.aposoc.net/Blockland/References/Appendix%20A%20-%20Quick%20References.pdf}",
	note = "Last updated 2006",
}
